@Article{Schadt_2010,
  author       = {Schadt, Eric E. and Linderman, Michael D. and
                  Sorenson, Jon and Lee, Lawrence and Nolan, Garry P.},
  title	       = {Computational solutions to large-scale data
                  management and analysis},
  journal      = {Nature Reviews Genetics},
  year	       = 2010,
  volume       = 11,
  number       = 9,
  month	       = sep,
  pages	       = {647–657},
  issn	       = {1471-0064},
  doi	       = {10.1038/nrg2857},
  url	       = {http://dx.doi.org/10.1038/nrg2857},
  publisher    = {Springer Science and Business Media LLC},
  annote       = {This article describes some of the major hurdles
                  that must be overcome in order to create and derive
                  the most value from standard flow-cytometry data
                  repositories and analysis software.}
}

@inproceedings{malde2009using,
  title={Using Bloom filters for large scale gene sequence analysis in Haskell},
  author={Malde, Ketil and O’Sullivan, Bryan},
  booktitle={International Symposium on Practical Aspects of Declarative Languages},
  pages={183--194},
  year={2009},
  organization={Springer}
}

@article{hariri2019uncertainty,
  title={Uncertainty in big data analytics: survey, opportunities, and challenges},
  author={Hariri, Reihaneh H and Fredericks, Erik M and Bowers, Kate M},
  journal={Journal of Big data},
  volume={6},
  number={1},
  pages={1--16},
  year={2019},
  publisher={Springer}
}

@article{fan2014challenges,
  title={Challenges of big data analysis},
  author={Fan, Jianqing and Han, Fang and Liu, Han},
  journal={National science review},
  volume={1},
  number={2},
  pages={293--314},
  year={2014},
  publisher={Oxford University Press}
}
@article{bollon2022investigating,
  title={Investigating how reproducibility and geometrical representation in UMAP dimensionality reduction impact the stratification of breast cancer tumors},
  author={Bollon, Jordy and Assale, Michela and Cina, Andrea and Marangoni, Stefano and Calabrese, Matteo and Salvemini, Chiara Beatrice and Christille, Jean Marc and Gustincich, Stefano and Cavalli, Andrea},
  journal={Applied Sciences},
  volume={12},
  number={9},
  pages={4247},
  year={2022},
  publisher={MDPI}
}
@article{becht2019dimensionality,
  title={Dimensionality reduction for visualizing single-cell data using UMAP},
  author={Becht, Etienne and McInnes, Leland and Healy, John and Dutertre, Charles-Antoine and Kwok, Immanuel WH and Ng, Lai Guan and Ginhoux, Florent and Newell, Evan W},
  journal={Nature biotechnology},
  volume={37},
  number={1},
  pages={38--44},
  year={2019},
  publisher={Nature Publishing Group US New York}
}
@article{yang2021dimensionality,
  title={Dimensionality reduction by UMAP reinforces sample heterogeneity analysis in bulk transcriptomic data},
  author={Yang, Yang and Sun, Hongjian and Zhang, Yu and Zhang, Tiefu and Gong, Jialei and Wei, Yunbo and Duan, Yong-Gang and Shu, Minglei and Yang, Yuchen and Wu, Di and others},
  journal={Cell reports},
  volume={36},
  number={4},
  year={2021},
  publisher={Elsevier}
}
@inproceedings{daniels2012experience,
  title={Experience report: Haskell in computational biology},
  author={Daniels, Noah M and Gallant, Andrew and Ramsey, Norman},
  booktitle={Proceedings of the 17th ACM SIGPLAN international conference on Functional programming},
  pages={227--234},
  year={2012}
}
@misc{arvidsson2014actors,
  title={Actors and higher order functions: A Comparative Study of Parallel Programming Language Support for Bioinformatics},
  author={Arvidsson, Staffan},
  year={2014}
}
@article{huang2018high,
  title={High throughput single cell RNA sequencing, bioinformatics analysis and applications},
  author={Huang, Xiaoyun and Liu, Shiping and Wu, Liang and Jiang, Miaomiao and Hou, Yong},
  journal={Single cell biomedicine},
  pages={33--43},
  year={2018},
  publisher={Springer}
}
@article{hao2021integrated,
  title={Integrated analysis of multimodal single-cell data},
  author={Hao, Yuhan and Hao, Stephanie and Andersen-Nissen, Erica and Mauck, William M and Zheng, Shiwei and Butler, Andrew and Lee, Maddie J and Wilk, Aaron J and Darby, Charlotte and Zager, Michael and others},
  journal={Cell},
  volume={184},
  number={13},
  pages={3573--3587},
  year={2021},
  publisher={Elsevier}
}
@article{anuradha2015brief,
  title={A brief introduction on Big Data 5Vs characteristics and Hadoop technology},
  author={Anuradha, J and others},
  journal={Procedia computer science},
  volume={48},
  pages={319--324},
  year={2015},
  publisher={Elsevier}
}

@article{vieth2019systematic,
  title={A systematic evaluation of single cell RNA-seq analysis pipelines},
  author={Vieth, Beate and Parekh, Swati and Ziegenhain, Christoph and Enard, Wolfgang and Hellmann, Ines},
  journal={Nature communications},
  url={https://www.nature.com/articles/s41467-019-12266-7},
  volume={10},
  number={1},
  pages={4667},
  year={2019},
  publisher={Nature Publishing Group UK London}
}

@inproceedings{krijnen2014expand,
  title={Expand: Towards an extensible Pandoc system},
  author={Krijnen, Jacco and Swierstra, Doaitse and Viera, Marcos O},
  booktitle={International Symposium on Practical Aspects of Declarative Languages},
  pages={200--215},
  year={2014},
  organization={Springer}
}
